<?xml version="1.0" encoding="UTF-8"?>
<SOAP-ENV:Envelope xmlns:SOAP-ENV="http://schemas.xmlsoap.org/soap/envelope/" xmlns:of="http://oss.dbc.dk/ns/openformat" xmlns:ofo="http://oss.dbc.dk/ns/openformatoutput"><SOAP-ENV:Body><of:formatResponse><marcx:collection xmlns:marcx="info:lc/xmlns/marcxchange-v1"><marcx:record format="danMARC2" type="Bibliographic"><marcx:leader>00000n    2200000   4500</marcx:leader><marcx:datafield ind1="0" ind2="0" tag="001"><marcx:subfield code="a">ebr10415209</marcx:subfield><marcx:subfield code="b">WorldCat</marcx:subfield><marcx:subfield code="d">20121114</marcx:subfield><marcx:subfield code="f">a</marcx:subfield></marcx:datafield><marcx:datafield ind1="0" ind2="0" tag="004"><marcx:subfield code="r">n</marcx:subfield><marcx:subfield code="a">e</marcx:subfield></marcx:datafield><marcx:datafield ind1="0" ind2="0" tag="008"><marcx:subfield code="t">m</marcx:subfield><marcx:subfield code="a">2012</marcx:subfield><marcx:subfield code="b">nl</marcx:subfield><marcx:subfield code="d">a</marcx:subfield><marcx:subfield code="d">y</marcx:subfield><marcx:subfield code="w">1</marcx:subfield><marcx:subfield code="l">eng</marcx:subfield><marcx:subfield code="v">0</marcx:subfield></marcx:datafield><marcx:datafield ind1="0" ind2="0" tag="009"><marcx:subfield code="a">a</marcx:subfield><marcx:subfield code="g">xe</marcx:subfield><marcx:subfield code="b">t</marcx:subfield></marcx:datafield><marcx:datafield ind1="0" ind2="0" tag="021"><marcx:subfield code="x">9780123748379</marcx:subfield></marcx:datafield><marcx:datafield ind1="0" ind2="0" tag="021"><marcx:subfield code="x">9780080951164</marcx:subfield><marcx:subfield code="b">e-book</marcx:subfield></marcx:datafield><marcx:datafield ind1="0" ind2="0" tag="050"><marcx:subfield code="a">HG4523</marcx:subfield><marcx:subfield code="b">.W56 2012eb</marcx:subfield></marcx:datafield><marcx:datafield ind1="0" ind2="0" tag="100"><marcx:subfield code="a">Williams</marcx:subfield><marcx:subfield code="h">R. Tee</marcx:subfield></marcx:datafield><marcx:datafield ind1="0" ind2="0" tag="245"><marcx:subfield code="a">Introduction to trading in the financial markets</marcx:subfield><marcx:subfield code="m">electronic resource</marcx:subfield><marcx:subfield code="c">global markets, risk, compliance, and regulation</marcx:subfield><marcx:subfield code="e">R. "Tee" Williams</marcx:subfield></marcx:datafield><marcx:datafield ind1="0" ind2="0" tag="260"><marcx:subfield code="a">Amsterdam</marcx:subfield><marcx:subfield code="a">Boston</marcx:subfield><marcx:subfield code="b">Elsevier</marcx:subfield><marcx:subfield code="c">c2012</marcx:subfield></marcx:datafield><marcx:datafield ind1="0" ind2="0" tag="300"><marcx:subfield code="a">lxxxi, 390 s.</marcx:subfield><marcx:subfield code="b">col. ill.</marcx:subfield></marcx:datafield><marcx:datafield ind1="0" ind2="0" tag="532"><marcx:subfield code="a">Includes bibliographical references and index</marcx:subfield></marcx:datafield><marcx:datafield ind1="0" ind2="0" tag="559"><marcx:subfield code="a">Electronic reproduction. Palo Alto, Calif. : ebrary, 2012. Available via World Wide Web. Access may be limited to ebrary affiliated libraries</marcx:subfield></marcx:datafield><marcx:datafield ind1="0" ind2="0" tag="650"><marcx:subfield code="a">Capital market</marcx:subfield><marcx:subfield code="2">2</marcx:subfield></marcx:datafield><marcx:datafield ind1="0" ind2="0" tag="650"><marcx:subfield code="a">Stock exchanges</marcx:subfield><marcx:subfield code="2">2</marcx:subfield></marcx:datafield><marcx:datafield ind1="0" ind2="0" tag="650"><marcx:subfield code="a">Financial instruments</marcx:subfield><marcx:subfield code="2">2</marcx:subfield></marcx:datafield><marcx:datafield ind1="0" ind2="0" tag="650"><marcx:subfield code="a">Electronic books</marcx:subfield><marcx:subfield code="2">local</marcx:subfield></marcx:datafield><marcx:datafield ind1="0" ind2="0" tag="856"><marcx:subfield code="u">http://site.ebrary.com/lib/ucsj/Doc?id=10415209</marcx:subfield><marcx:subfield code="z">An electronic book accessible through the World Wide Web; click to view</marcx:subfield></marcx:datafield></marcx:record></marcx:collection></of:formatResponse></SOAP-ENV:Body></SOAP-ENV:Envelope>
